119999111101234567890408040409052000000001234569783MY ACCOUNT
2212346700040408040408040072000000000012340000000000000000000000                
2301XXXXXXXXX                                                                   
2212346700040408040408040072000000000012340000000000000000000000                
2301A28152585
2256781128040405040405040072000000000012340000000000000000000000                
2301XXXXXXXXX                                                                   
2256781127040805040805020092000000000012340000000000000000000000                
2301REF XXXXXXXXX                                                               
3399991111012345678900004000000000049360000200000000999999278889999999999001